% This file was created with JabRef 2.6.
% Encoding: Cp1250

@MISC{samuraj:KomunikaceSeSwitchem,
  author = {BOUŠKA, Petr},
  title = {Cisco IOS 5 - komunikace se switchem --- SAMURAJ-cz.com},
  year = {16. 05. 2007},
  note = {[Online; cit. 2010-04-12]},
  edition = {Revision: 1.42},
  url = {http://www.samuraj-cz.com/clanek/cisco-ios-5-komunikace-se-switchem/}
}

@MISC{cisco:ShowCommandOutputRedirection,
  author = {Cisco Systems, Inc.},
  title = {Show Command Output Redirection --- Cisco Systems},
  year = {January 28, 2002},
  note = {[Online; cit. 2010-05-01]},
  edition = {Revision: 1.41},
  update = {March 27, 2006},
  url = {http://www.cisco.com/en/US/docs/ios/12_2t/12_2t13/feature/guide/ftshowre.html}
}

@MISC{cisco:CommandScheduler,
  author = {Cisco Systems, Inc.},
  title = {Command Scheduler [Cisco IOS Software Releases 12.3 Mainline] ---
	Cisco Systems},
  year = {c1992-2010},
  note = {[Online; cit. 2010-05-01]},
  edition = {Revision: 1.41},
  url = {http://www.cisco.com/en/US/docs/ios/12_3/feature/guide/g_kron.html}
}

@MISC{cisco:ConfiguringDNS,
  author = {Cisco Systems, Inc.},
  title = {Configuring DNS on Cisco Routers [IP Application Services] --- Cisco
	Systems},
  year = {c1992-2010},
  note = {[Online; cit. 2010-05-01]},
  edition = {Revision: 1.42},
  update = {Sep 30, 2008},
  url = {http://www.cisco.com/en/US/tech/tk648/tk362/technologies_tech_note09186a00800c525f.shtml}
}

@MISC{cisco:ConfiguringSSH,
  author = {Cisco Systems, Inc.},
  title = {Cisco IOS Scripting with Tcl --- Cisco Systems},
  year = {c1992-2010},
  note = {[Online; cit. 2010-04-12]},
  edition = {Revision: 1.42},
  update = {Jun 28, 2007},
  url = {http://www.cisco.com/en/US/tech/tk583/tk617/technologies_tech_note09186a00800949e2.shtml}
}

@MISC{cisco:ConfIPAccLists,
  author = {Cisco Systems, Inc.},
  title = {Configuring IP Access Lists --- Cisco Systems},
  year = {c1992-2010},
  note = {[Online; cit. 2010-04-09]},
  edition = {Revision: 1.42},
  url = {http://www.cisco.com/en/US/products/sw/secursw/ps1018/products_tech_note09186a00800a5b9a.shtml}
}

@MISC{cisco:IOS124EN,
  author = {Cisco Systems, Inc.},
  title = {Cisco IOS Configuration Fundamentals Configuration Guide, Release
	12.4},
  year = {c1992-2010},
  note = {[Online; cit. 2010-02-10]},
  url = {http://www.cisco.com/en/US/docs/ios/fundamentals/configuration/guide/12_4/cf_12_4s_book.html}
}

@MISC{cisco:ScriptingTCL,
  author = {Cisco Systems, Inc.},
  title = {Cisco IOS Scripting with Tcl --- Cisco Systems},
  month = {July},
  year = {2003},
  note = {[Online; cit. 2010-04-10]},
  edition = {Revision: 1.42},
  update = {March 19, 2010},
  url = {http://www.cisco.com/en/US/products/sw/secursw/ps1018/products_tech_note09186a00800a5b9a.shtml}
}

@MISC{php:FSockOpen,
  author = {The PHP Group},
  title = {Fsockopen -- Manual --- PHP},
  year = {c2001-2010},
  note = {[Online; cit. 2010-04-12]},
  update = {09 Apr 2010},
  url = {http://php.net/manual/en/function.fsockopen.php}
}

@MISC{skolicka:tcl,
  author = {Jan Hubicka},
  title = {TCL --- Skolicka},
  year = {c1995},
  note = {[Online; cit. 2010-04-10]},
  url = {http://www.ucw.cz/~hubicka/skolicky/skolicka11.html}
}

@MISC{kraval:clanek38,
  author = {Ilja Kraval},
  title = {Druhá cást odpovedi na mail ohledne zpracování prípadu užití},
  month = {1},
  year = {Druhá cást odpovedi na mail ohledne
	
	zpracování prípadu užití},
  note = {[Online; cit. 2011-12-10]},
  owner = {Administrator},
  timestamp = {2011.12.12},
  url = {http://www.objects.cz/clanky/clanek38/clanek38.pdf}
}

@MISC{kraval:clanek31,
  author = {Ilja Kraval},
  title = {Jak správnì psát scénáøe k pøípadùm užití?},
  howpublished = {Online},
  month = {7},
  year = {2007},
  note = {[Online; cit. 2011-12-10]},
  comment = {publikováno 4.7.2007},
  owner = {Administrator},
  timestamp = {2011.12.12},
  url = {http://objects.cz/clanky/clanek31/clanek31.html}
}

@MISC{kraval:clanek16,
  author = {Ilja Kraval},
  title = {Jak provádìt zmìnové øízení v prvcích typu USE CASE},
  howpublished = {Online},
  month = {4},
  year = {2005},
  note = {[Online; cit. 2011-12-10]},
  comment = {publikováno 9.4.2005},
  owner = {Administrator},
  timestamp = {2011.12.10},
  url = {http://objects.cz/clanky/clanek16/clanek16.html}
}

@MISC{kraval:clanek12,
  author = {Ilja Kraval},
  title = {ACTOR versus BPM},
  howpublished = {Online},
  month = {2},
  year = {2004},
  note = {[Online; cit. 2011-12-10]},
  comment = {2.2.2004},
  owner = {Administrator},
  timestamp = {2011.12.10},
  url = {http://objects.cz/clanky/clanek12/clanek12.html}
}

@MISC{kraval:clanek2,
  author = {Ilja Kraval},
  title = {Praktické použíti stereotypù v UML pøi modelování s ukázkou v nástroji
	Enterprise Architect 3.5},
  month = {1},
  year = {2003},
  note = {[Onlline;cit. 2011-12-10]},
  owner = {Administrator},
  timestamp = {2011.12.10},
  url = {http://objects.cz/clanky/clanek2/clanek2.html}
}

@BOOK{arlow:uml2,
  title = {UML 2 a unifikovaný proces vývoje aplikací},
  publisher = {Computer Press},
  year = {2007},
  author = {Jim ARLOW;
	
	Ila NEUSTADT},
  pages = {567},
  edition = {1},
  chapter = {Èást II.},
  owner = {Administrator},
  timestamp = {2011.12.10}
}

@BOOK{arlow:uml2part12,
  title = {UML 2 a unifikovaný proces vývoje aplikací},
  publisher = {Computer Press},
  year = {2007},
  author = {Jim ARLOW;
	
	Ila NEUSTADT},
  pages = {567},
  edition = {1},
  chapter = {Èást 12.},
  owner = {Administrator},
  timestamp = {2012.1.1}
}

@MISC{spotrebitelskyuver:investicniUver,
  author = {Neznámý},
  title = {Investièní úvìr -- Spotøebitelský úvìr},
  year = {201?},
  note = {[Online; navštíveno 3. 05. 2011]},
  owner = {Administrator},
  timestamp = {2011.12.10},
  url = {http://spotrebitelskyuver.com/investicni-uver}
}

@MISC{root:DNSSECCastPrvni,
  author = {SURÝ, Ondøej},
  title = {DNSSEC èást první aneb je potøeba zaèít od píky},
  year = {8. 12. 2008},
  note = {[Online; cit. 2010-05-06]},
  url = {http://www.root.cz/clanky/dnssec-cast-prvni-aneb-je-potreba-zacit-od-piky/}
}

@MISC{wiki:CiscoIOSEN,
  author = {Wikipedia},
  title = {Cisco IOS --- Wikipedia{,} The Free Encyclopedia},
  year = {2010},
  note = {[Online; accessed 8-April-2010]},
  url = {http://en.wikipedia.org/w/index.php?title=Cisco_IOS&oldid=348969365}
}

@MISC{wiki:SNMPEN,
  author = {Wikipedia},
  title = {Simple Network Management Protocol --- Wikipedia{,} The Free Encyclopedia},
  year = {2010},
  note = {[Online; accessed 8-April-2010]},
  url = {http://en.wikipedia.org/w/index.php?title=Simple_Network_Management_Protocol&oldid=354058750}
}

@MISC{wiki:AD,
  author = {Wikipedie},
  title = {Agregátní poptávka --- Wikipedie: Otevøená encyklopedie},
  year = {2011},
  note = {[Online; navštíveno 1. 05. 2011]},
  owner = {Administrator},
  timestamp = {2011.12.10},
  url = {http://cs.wikipedia.org/w/index.php?title=Agreg%C3%A1tn%C3%AD_popt%C3%A1vka&oldid=6761217}
}

@MISC{wiki:Investice,
  author = {Wikipedie},
  title = {Investice --- Wikipedie: Otevøená encyklopedie},
  year = {2011},
  note = {[Online; navštíveno 1. 05. 2011]},
  owner = {Administrator},
  timestamp = {2011.12.10},
  url = {http://cs.wikipedia.org/w/index.php?title=Investice&oldid=6802958}
}

@MISC{wiki:InvestmentBanking,
  author = {Wikipedie},
  title = {Investment Banking --- Wikipedie: Otevøená encyklopedie},
  year = {2011},
  note = {[Online; navštíveno 3. 05. 2011]},
  owner = {Administrator},
  timestamp = {2011.12.10},
  url = {http://en.wikipedia.org/w/index.php?title=Investment_banking&oldid=426404426}
}

@MISC{wiki:CiscoIOSCZ,
  author = {Wikipedie},
  title = {Cisco IOS --- Wikipedie: Otevøená encyklopedie},
  year = {2010},
  note = {[Online; navštíveno 7. 04. 2010]},
  url = {http://cs.wikipedia.org/w/index.php?title=Cisco_IOS&oldid=4960137}
}

@MISC{wiki:Investor,
  author = {Wikipedie},
  title = {Investor --- Wikipedie: Otevøená encyklopedie},
  year = {2009},
  note = {[Online; navštíveno 3. 05. 2011]},
  owner = {Administrator},
  timestamp = {2011.12.10},
  url = {http://cs.wikipedia.org/w/index.php?title=Investor&oldid=4690445}
}

@misc{wiki:Skalovatelnost,
   author = "WikiKnihovna",
   title = "Škálovatelnost --- WikiKnihovna{,} ",
   year = "2013",
   url = "\url{http://wiki.knihovna.cz/index.php?title=%C5%A0k%C3%A1lovatelnost&oldid=35565}",
   note = "[Online; accessed 29-øíjen-2013]"
 }
